@article{Nour-Omid1991,
	author = {Nour-Omid, B. and Rankin, C. C.},
	doi = {10.1016/0045-7825(91)90248-5},
	issn = {00457825},
	journal = {Computer Methods in Applied Mechanics and Engineering},
	title = {{Finite rotation analysis and consistent linearization using projectors}},
	year = {1991}
}
@book{Crisfield,
	title={Non-linear finite element analysis of solids and structures, Vol. 2},
	author={ Crisfield, Mike A},
	year={1997},
	publisher={John Wiley \& Sons}
}
@article{simo1988dynamics,
	title={On the dynamics in space of rods undergoing large motionsâ€”a geometrically exact approach},
	author={Simo, Juan Carlos and Vu-Quoc, Loc},
	journal={Computer methods in applied mechanics and engineering},
	volume={66},
	number={2},
	pages={125--161},
	year={1988},
	publisher={Elsevier}
}

@article{Le2014,
	author = {Le, Thanh Nam and Battini, Jean Marc and Hjiaj, Mohammed},
	journal = {Computer Methods in Applied Mechanics and Engineering},
	keywords = {3D beam elements,Corotational method,Finite rotations,Nonlinear dynamics},
	pages = {538--565},
	title = {{A consistent 3D corotational beam element for nonlinear dynamic analysis of flexible structures}},
	volume = {269},
	year = {2014}
}
@article{stengel2017measurements,
	title={Measurements of downburst wind loading acting on an overhead transmission line in Northern Germany},
	author={Stengel, Dominik and Thiele, Klaus},
	journal={Procedia engineering},
	volume={199},
	pages={3152--3157},
	year={2017},
	publisher={Elsevier}
}