@article{blevins1990van,
	title={Van Nostrand Reinhold},
	author={Blevins, Robert D and Vibrations, Flow-Induced},
	journal={New York},
	pages={104--110},
	year={1990}
}
@article{jones1992coupled,
	title={Coupled vertical and horizontal galloping},
	author={Jones, Kathleen F},
	journal={Journal of engineering mechanics},
	volume={118},
	number={1},
	pages={92--107},
	year={1992},
	publisher={American Society of Civil Engineers}
}
@article{luongo1984planar,
	title={Planar non-linear free vibrations of an elastic cable},
	author={Luongo, Angelo and Rega, Giuseppe and Vestroni, Fabrizio},
	journal={International Journal of Non-Linear Mechanics},
	volume={19},
	number={1},
	pages={39--52},
	year={1984},
	publisher={Elsevier}
}
@article{chabart1998galloping,
	title={Galloping of electrical lines in wind tunnel facilities},
	author={Chabart, Olivier and Lilien, Jean-Louis},
	journal={Journal of Wind Engineering and Industrial Aerodynamics},
	volume={74},
	pages={967--976},
	year={1998},
	publisher={Elsevier}
}
@article{lee1992nonlinear,
	title={Nonlinear oscillations of suspended cables containing a two-to-one internal resonance},
	author={Lee, Christopher L and Perkins, Noel C},
	journal={Nonlinear Dynamics},
	volume={3},
	number={6},
	pages={465--490},
	year={1992},
	publisher={Springer}
}

@article{luongo1998non,
	title={Non-linear galloping of sagged cables in 1: 2 internal resonance},
	author={Luongo, Angelo and Piccardo, Giuseppe},
	journal={Journal of Sound and Vibration},
	volume={214},
	number={5},
	pages={915--940},
	year={1998},
	publisher={Elsevier}
}
@article{luongo2007linear,
	title={A linear curved-beam model for the analysis of galloping in suspended cables},
	author={Luongo, Angelo and Zulli, Daniele and Piccardo, Giuseppe},
	journal={Journal of Mechanics of Materials and Structures},
	volume={2},
	number={4},
	pages={675--694},
	year={2007},
	publisher={Mathematical Sciences Publishers}
}
@article{luongo2009effect,
	title={On the effect of twist angle on nonlinear galloping of suspended cables},
	author={Luongo, Angelo and Zulli, Daniele and Piccardo, Giuseppe},
	journal={Computers \& Structures},
	volume={87},
	number={15-16},
	pages={1003--1014},
	year={2009},
	publisher={Elsevier}
}
