@article{Riera2012,
	author = {Riera, Jorge D. and Ponte, Jacinto},
	doi = {10.12989/was.2012.15.2.111},
	issn = {12266116},
	journal = {Wind and Structures, An International Journal},
	keywords = {Downburst,Downdraft,Extreme values,Fluctuating velocities,Mixed climate,Registered velocities,Thunderstorms,Vertical profile,Winds},
	number = {2},
	pages = {111--129},
	title = {{Recent Brazilian research on thunderstorm winds and their effects on structural design}},
	volume = {15},
	year = {2012}
}
@unpublished{Davenport1960,
address = {Ottawa,National Research Council},
author = {Davenport, A.G},
institution = {Division of Building Research},
title = {{Wind Loads on Structures}},
year = {1960}
}
@article{Oke2000,
	author = {Oke, Davenport; Grimmond;},
	title = {{Estimating}},
	year = {2000}
}
@book{cengel2007termodinamica,
	author = {{\c{C}}engel, Y A and Boles, M A},
	isbn = {9789701056110},
	publisher = {MCGRAW HILL},
	title = {{Termodinamica}},
	url = {https://books.google.com.uy/books?id=1xhpOgAACAAJ},
	year = {2007}
}
@article{Son2016,
	author = {Son, O. and Cetiner, O.},
	issn = {17353645},
	journal = {Journal of Applied Fluid Mechanics},
	keywords = {Circular cylinder,DPIV,Drag prediction,Momentum deficit},
	number = {4},
	pages = {1963--1968},
	title = {{Drag prediction in the near wake of a circular cylinder based on DPIV data}},
	volume = {9},
	year = {2016}
}
@inproceedings{Belloli2006,
address = {Grenoble},
annote = {005},
author = {Belloli, M and Collina, a and Resta, F and Milano, Politecnico and Seminar, O I T a F},
booktitle = {O.I.T.A.F SEMINAR},
number = {April},
title = {{Cables vibrations due to wind action}},
year = {2006}
}
@misc{Duranona2018,
	address = {Montevideo},
	author = {Dura{\~{n}}ona, Valeria and Denis, Andres},
	title = {{Bluff and body action},{Apuntes del curso Elementos Aerodin√°mica y Aerolatsicdad Estrcutrul}},
	year = {2018}
}
