@article{Nour-Omid1991,
	author = {Nour-Omid, B. and Rankin, C. C.},
	doi = {10.1016/0045-7825(91)90248-5},
	issn = {00457825},
	journal = {Computer Methods in Applied Mechanics and Engineering},
	title = {{Finite rotation analysis and consistent linearization using projectors}},
	year = {1991}
}
@book{Crisfield,
	title={Nonlinear finite element analysis of solids and structures},
	author={De Borst, Ren{\'e} and Crisfield, Mike A and Remmers, Joris JC and Verhoosel, Clemens V},
	year={2012},
	publisher={John Wiley \& Sons}
}
@article{pacoste1997beam,
	author = {Pacoste, Costin and Eriksson, Anders},
	journal = {Computer methods in applied mechanics and engineering},
	number = {1-2},
	pages = {163--197},
	publisher = {Elsevier},
	title = {{Beam elements in instability problems}},
	volume = {144},
	year = {1997}
}
@article{Battini2002,
	author = {Battini, Jean Marc and Pacoste, Costin},
	doi = {10.1016/S0045-7825(01)00352-8},
	issn = {00457825},
	journal = {Computer Methods in Applied Mechanics and Engineering},
	keywords = {Finite element and matrix methods,Nonlinear mechanics,Numerical solution procedures,Stability in structural mechanics,Structural mechanics},
	number = {17-18},
	pages = {1755--1789},
	title = {{Co-rotational beam elements with warping effects in instability problems}},
	volume = {191},
	year = {2002}
}
@article{alsafadie2010corotational,
	author = {Alsafadie, R and Hjiaj, M and Battini, J-M},
	journal = {Computer Methods in Applied Mechanics and Engineering},
	number = {49-52},
	pages = {3197--3212},
	publisher = {Elsevier},
	title = {{Corotational mixed finite element formulation for thin-walled beams with generic cross-section}},
	volume = {199},
	year = {2010}
}
@article{Le2011,
	annote = {007},
	author = {Le, Thanh Nam and Battini, Jean Marc and Hjiaj, Mohammed},
	doi = {10.1007/s00466-011-0585-6},
	issn = {01787675},
	journal = {Computational Mechanics},
	keywords = {2D beam element,Corotational formulation,Nonlinear dynamic analysis},
	number = {2},
	pages = {153--161},
	title = {{Efficient formulation for dynamics of corotational 2D beams}},
	volume = {48},
	year = {2011}
}
@article{reddy1997locking,
	author = {Reddy, J N},
	journal = {Computer methods in applied mechanics and engineering},
	number = {1-4},
	pages = {113--132},
	publisher = {Elsevier},
	title = {{On locking-free shear deformable beam finite elements}},
	volume = {149},
	year = {1997}
}
@article{Le2014,
	doi = {10.1016/j.cma.2013.11.007},
	issn = {00457825},
	journal = {Computer Methods in Applied Mechanics and Engineering},
	keywords = {3D beam elements,Corotational method,Finite rotations,Nonlinear dynamics},
	pages = {538--565},
	title = {{A consistent 3D corotational beam element for nonlinear dynamic analysis of flexible structures}},
	volume = {269},
	year = {2014}
}
@article{simo1988dynamics,
	title={On the dynamics in space of rods undergoing large motionsâ€”a geometrically exact approach},
	author={Simo, Juan Carlos and Vu-Quoc, Loc},
	journal={Computer methods in applied mechanics and engineering},
	volume={66},
	number={2},
	pages={125--161},
	year={1988},
	publisher={Elsevier}
}
@article{albino2018co,
	author = {Albino, J C R and Almeida, C A and Menezes, I F M and Paulino, G H},
	journal = {Engineering Structures},
	pages = {283--299},
	publisher = {Elsevier},
	title = {{Co-rotational 3D beam element for nonlinear dynamic analysis of risers manufactured with functionally graded materials (FGMs)}},
	volume = {173},
	year = {2018}
}
@article{asadi2019multibody,
	author = {Asadi, Saeed and Johansson, H{\aa}kan},
	journal = {Wind Engineering},
	pages = {0309524X19849827},
	publisher = {SAGE Publications Sage UK: London, England},
	title = {{Multibody dynamic modelling of a direct wind turbine drive train}},
	year = {2019}
}
@article{barzanooni2018modeling,
	author = {Barzanooni, Reza and Bog, Ing Tino and Elhaddad, Mohamed},
	title = {{Modeling of Flexible Wirings and Contact Interactions in In-dustrial Robots Using Geometrically Exact Beam Formulation}},
	year = {2018}
}
@article{Le2014,
	doi = {10.1016/j.cma.2013.11.007},
	issn = {00457825},
	journal = {Computer Methods in Applied Mechanics and Engineering},
	keywords = {3D beam elements,Corotational method,Finite rotations,Nonlinear dynamics},
	pages = {538--565},
	title = {{A consistent 3D corotational beam element for nonlinear dynamic analysis of flexible structures}},
	volume = {269},
	year = {2014}
}


%numerical methods



@article{hilber1977improved,
	title={Improved numerical dissipation for time integration algorithms in structural dynamics},
	author={Hilber, Hans M and Hughes, Thomas JR and Taylor, Robert L},
	journal={Earthquake Engineering \& Structural Dynamics},
	volume={5},
	number={3},
	pages={283--292},
	year={1977},
	publisher={Wiley Online Library}
}
@article{kovzar1995finite,
	title={Finite element formulation of the finite rotation solid element},
	author={Ko{\v{z}}ar, Ivica and Ibrahimbegovi{\'c}, Adnan},
	journal={Finite elements in analysis and design},
	volume={20},
	number={2},
	pages={101--126},
	year={1995},
	publisher={Elsevier}
}
@book{quarteroni2010numerical,
	title={Numerical mathematics},
	author={Quarteroni, Alfio and Sacco, Riccardo and Saleri, Fausto},
	volume={37},
	year={2010},
	publisher={Springer Science \& Business Media}
}
@article{newmark1959method,
	title={A method of computation for structural dynamics},
	author={Newmark, Nathan M},
	journal={Journal of the engineering mechanics division},
	volume={85},
	number={3},
	pages={67--94},
	year={1959},
	publisher={ASCE}
}
@article{ibrahimbegovic1998finite,
	title={Finite rotations in dynamics of beams and implicit time-stepping schemes},
	author={Ibrahimbegovi{\'c}, Adnan and Mikdad, Mazen Al},
	journal={International Journal for Numerical Methods in Engineering},
	volume={41},
	number={5},
	pages={781--814},
	year={1998},
	publisher={Wiley Online Library}
}