@book{descartes2004discurso,
	title={Discours de la methode},
	author={Descartes, Rene},
	year={1637},
	publisher={Leyde}
}
@book{nietzsche2018voluntad,
	title={La voluntad de poder},
	author={Nietzsche, Friedrich},
	year={2018},
	publisher={Edaf}
}
@book{kuhn2019estructura,
	title={La estructura de las revoluciones cientificas},
	author={Kuhn, Thomas S},
	year={2019},
	publisher={Fondo de cultura economica}
}