
@article{hilber1977improved,
	title={Improved numerical dissipation for time integration algorithms in structural dynamics},
	author={Hilber, Hans M and Hughes, Thomas JR and Taylor, Robert L},
	journal={Earthquake Engineering \& Structural Dynamics},
	volume={5},
	number={3},
	pages={283--292},
	year={1977},
	publisher={Wiley Online Library}
}
@article{kovzar1995finite,
	title={Finite element formulation of the finite rotation solid element},
	author={Ko{\v{z}}ar, Ivica and Ibrahimbegovi{\'c}, Adnan},
	journal={Finite elements in analysis and design},
	volume={20},
	number={2},
	pages={101--126},
	year={1995},
	publisher={Elsevier}
}
@book{quarteroni2010numerical,
	title={Numerical mathematics},
	author={Quarteroni, Alfio and Sacco, Riccardo and Saleri, Fausto},
	volume={37},
	year={2010},
	publisher={Springer Science \& Business Media}
}
@article{newmark1959method,
	title={A method of computation for structural dynamics},
	author={Newmark, Nathan M},
	journal={Journal of the engineering mechanics division},
	volume={85},
	number={3},
	pages={67--94},
	year={1959},
	publisher={ASCE}
}
@article{ahrens2005paraview,
  title={Paraview: An end-user tool for large data visualization},
  author={Ahrens, James and Geveci, Berk and Law, Charles},
  journal={The visualization handbook},
  volume={717},
  number={8},
  year={2005},
  publisher={Elsevier Oxford, UK}
}