
@article{hilber1977improved,
	title={Improved numerical dissipation for time integration algorithms in structural dynamics},
	author={Hilber, Hans M and Hughes, Thomas JR and Taylor, Robert L},
	journal={Earthquake Engineering \& Structural Dynamics},
	volume={5},
	number={3},
	pages={283--292},
	year={1977},
	publisher={Wiley Online Library}
}
@article{kovzar1995finite,
	title={Finite element formulation of the finite rotation solid element},
	author={Ko{\v{z}}ar, Ivica and Ibrahimbegovi{\'c}, Adnan},
	journal={Finite elements in analysis and design},
	volume={20},
	number={2},
	pages={101--126},
	year={1995},
	publisher={Elsevier}
}
@book{quarteroni2010numerical,
	title={Numerical mathematics},
	author={Quarteroni, Alfio and Sacco, Riccardo and Saleri, Fausto},
	volume={37},
	year={2010},
	publisher={Springer Science \& Business Media}
}
@article{newmark1959method,
	title={A method of computation for structural dynamics},
	author={Newmark, Nathan M},
	journal={Journal of the engineering mechanics division},
	volume={85},
	number={3},
	pages={67--94},
	year={1959},
	publisher={ASCE}
}
@article{ahrens2005paraview,
  title={Paraview: An end-user tool for large data visualization},
  author={Ahrens, James and Geveci, Berk and Law, Charles},
  journal={The visualization handbook},
  volume={717},
  number={8},
  year={2005},
  publisher={Elsevier Oxford, UK}
}
@article{mendina2014general,
	title={A general purpose parallel block structured open source incompressible flow solver},
	author={Mendina, Mariana and Draper, Martin and Soares, Ana Paula Kelm and Narancio, Gabriel and Usera, Gabriel},
	journal={Cluster Computing},
	volume={17},
	number={2},
	pages={231--241},
	year={2014},
	publisher={Springer}
}
@book{eaton2007gnu,
	title={GNU Octave version 3.0. 1 manual: a high-level interactive language for numerical computations},
	author={Eaton, John Wesley and Bateman, David and Hauberg, S{\o}ren},
	year={2007},
	publisher={SoHo Books}
}
@inproceedings{ahrens2014image,
	title={An image-based approach to extreme scale in situ visualization and analysis},
	author={Ahrens, James and Jourdain, S{\'e}bastien and OLeary, Patrick and Patchett, John and Rogers, David H and Petersen, Mark},
	booktitle={SC'14: Proceedings of the International Conference for High Performance Computing, Networking, Storage and Analysis},
	pages={424--434},
	year={2014},
	organization={IEEE}
}