@misc{fujita1985downburst,
  title={The downburst: Microburst and macroburst, SMRP Res},
  author={Fujita, TT},
  year={1985},
  publisher={Rep}
}
@inproceedings{duranona2009analysis,
  title={Analysis of severe storms in Uruguay and their effect on high voltage transmission lines},
  author={Dura{\~n}ona, Valeria and Cataldo, Jos{\'e}},
  booktitle={Proceedings of the 11th Americas Conference on Wind Engineering},
  year={2009}
}
@article{darwish2010dynamic,
	title={Dynamic characteristics of transmission line conductors and behaviour under turbulent downburst loading},
	author={Darwish, Mohamed M and El Damatty, Ashraf A and Hangan, Horia},
	journal={Wind and Structures},
	volume={13},
	number={4},
	pages={327},
	year={2010}
}
@book{ang1984probability,
	title={Probability concepts in engineering planning and design},
	author={Ang, Alfredo H-S and Tang, Wilson H},
	number={BOOK},
	year={1984}
}
@article{holmes2002re,
	title={A re-analysis of recorded extreme wind speeds in region A},
	author={Holmes, John D},
	journal={Australian Journal of Structural Engineering},
	volume={4},
	number={1},
	pages={29--40},
	year={2002},
	publisher={Taylor \& Francis}
}
@article{abd2013coupled,
	title={A coupled parametric-CFD study for determining ages of downbursts through investigation of different field parameters},
	author={Abd-Elaal, El-Sayed and Mills, Julie E and Ma, Xing},
	journal={Journal of Wind Engineering and Industrial Aerodynamics},
	volume={123},
	pages={30--42},
	year={2013},
	publisher={Elsevier}
}
@inproceedings{duranona2015significance,
	title={The significance of non-synoptic winds in the extreme wind climate of Uruguay},
	author={Dura{\~n}ona, Valeria},
	booktitle={Proceedings of the 14th International Conference on Wind Engineering, Porto Alegre, Brasil},
	pages={21--26},
	year={2015}
}
@article{stengel2017measurements,
	title={Measurements of downburst wind loading acting on an overhead transmission line in Northern Germany},
	author={Stengel, Dominik and Thiele, Klaus},
	journal={Procedia engineering},
	volume={199},
	pages={3152--3157},
	year={2017},
	publisher={Elsevier}
}@article{duranona2019first,
title={A first characterization of high winds that affect the energy distribution system of Uruguay and their related effects},
author={Duranona, V and Marchesoni, E and Salles, R},
journal={Journal of Wind Engineering and Industrial Aerodynamics},
volume={184},
pages={128--138},
year={2019},
publisher={Elsevier}
}

@phdthesis{mara2007effects,
	title={The effects of multi-directional winds on lattice sections},
	author={Mara, Thomas Goodwin},
	year={2007},
	school={Faculty of Graduate Studies, University of Western Ontario}
}